% Artigos -> Referências.texcode

@article{goldman2012apache,
  title={Apache Hadoop: conceitos te{\'o}ricos e pr{\'a}ticos, evolu{\c{c}}{\~a}o e novas possibilidades},
  author={Goldman, Alfredo and Kon, Fabio and Junior, Francisco Pereira and Polato, Ivanilton and de F{\'a}tima Pereira, Rosangela},
  journal={XXXI Jornadas de atualiza{\c{c}}oes em informatica},
  pages={88--136},
  year={2012}
}

@inproceedings{dias2022reducing,
  title={Reducing Hadoop 3. x energy consumption through Energy Efficient Ethernet},
  author={Dias, Jorgi Luiz Bolonhezi and De Almeida, Leandro Batista and Albini, Luiz Carlos Pessoa},
  booktitle={2022 IEEE International Conference on Big Data and Smart Computing (BigComp)},
  pages={9--14},
  year={2022},
  doi={10.1109/BigComp54360.2022.00012},
  organization={IEEE}
}

@article{gantz2012digital,
  title={The digital universe in 2020: Big data, bigger digital shadows, and biggest growth in the far east},
  author={Gantz, John and Reinsel, David},
  journal={IDC iView: IDC Analyze the future},
  volume={2007},
  number={2012},
  pages={1--16},
  year={2012}
}

@article{mahadevan2011energy,
  title={On energy efficiency for enterprise and data center networks},
  author={Mahadevan, Priya and Banerjee, Sujata and Sharma, Puneet and Shah, Amip and Ranganathan, Parthasarathy},
  journal={IEEE Communications Magazine},
  volume={49},
  number={8},
  pages={94--100},
  year={2011},
  publisher={IEEE}
}

@article{herreria2017optimizing,
  title={Optimizing dual-mode EEE interfaces: Deep-sleep is healthy},
  author={Herreria-Alonso, Sergio and Rodriguez-Perez, Miguel and Fernandez-Veiga, Manuel and Lopez-Garcia, Candido},
  journal={IEEE Transactions on Communications},
  volume={65},
  number={8},
  pages={3374--3385},
  year={2017},
  publisher={IEEE}
}

@article{index2018forecast,
  title={Forecast and Methodology, 2016--2021 White Paper},
  author={Cisco, CISCO IoT Networking},
  journal={Cisco Systems},
  volume={1},
  year={2018}
}

@article{CiscoLeafSpine,
  title={Cisco Data Center Spine-and-Leaf Architecture: Design Overview White Paper},
  author={Cisco, CISCO IoT Networking},
  journal={Cisco Systems},
  year={2016}
}

@article{efficiency2012cisco,
  title={Cisco’s Massively Scalable Data Center},
  author={Cisco, CISCO IoT Networking},
  journal={Cisco Systems},
  year={2012}
}

@article{index2014forecast,
  title={Forecast and methodology, 2013--2018},
  author={Cisco, CISCO IoT Networking},
  journal={Cisco Systems},
  year={2014}
}

@article{blazhievsky2013introduction,
  title={Introduction to Hadoop, MapReduce and HDFS for Big Data Applications},
  author={Blazhievsky, Serge},
  journal={SNIA Education},
  year={2013}
}

@article{dean2004mapreduce,
  title={MapReduce: Simplified data processing on large clusters},
  author={Dean, Jeffrey and Ghemawat, Sanjay},
  journal={Google, Inc.},
  year={2004}
}

@article{cutting2005nutch,
  title={Nutch: an open-source platform for Web search},
  author={Cutting, Doug},
  journal={OSWIR 2005},
  pages={31-33},
  year={2005},
  publisher={Illinois Institute of Technology, USA}
}

@article{o2008terabyte,
  title={Terabyte sort on apache hadoop},
  author={O’Malley, Owen},
  journal={Yahoo, available online at: http://sortbenchmark. org/Yahoo-Hadoop. pdf,(May)},
  pages={1--3},
  year={2008},
  publisher={Citeseer}
}

@article{koomey2011growth,
  title={Growth in data center electricity use 2005 to 2010},
  author={Koomey, Jonathan and others},
  journal={A report by Analytical Press, completed at the request of The New York Times},
  volume={9},
  number={2011},
  pages={161},
  year={2011}
}

@article{gao2012s,
  title={It's not easy being green},
  author={Gao, Peter Xiang and Curtis, Andrew R and Wong, Bernard and Keshav, Srinivasan},
  journal={ACM SIGCOMM Computer Communication Review},
  volume={42},
  number={4},
  pages={211--222},
  year={2012},
  publisher={ACM New York, NY, USA}
}

@article{belady2007data,
  title={In the data center, power and cooling costs more than the it equipment it supports},
  author={Belady, Christian L},
  journal={Electronics cooling},
  volume={13},
  number={1},
  pages={24},
  year={2007},
  publisher={FLOMERICS LIMITED}
}

@article{kliazovich2012greencloud,
  title={GreenCloud: a packet-level simulator of energy-aware cloud computing data centers},
  author={Kliazovich, Dzmitry and Bouvry, Pascal and Khan, Samee Ullah},
  journal={The Journal of Supercomputing},
  volume={62},
  number={3},
  pages={1263--1283},
  year={2012},
  publisher={Springer}
}

@article{christensen2010ieee,
  title={IEEE 802.3 az: the road to energy efficient ethernet},
  author={Christensen, Ken and Reviriego, Pedro and Nordman, Bruce and Bennett, Michael and Mostowfi, Mehrgan and Maestro, Juan Antonio},
  journal={IEEE Communications Magazine},
  volume={48},
  number={11},
  pages={50--56},
  year={2010},
  publisher={Ieee}
}

@article{5621025,  
    author={IEEE},
    journal={IEEE Std 802.3az-2010 (Amendment to IEEE Std 802.3-2008)},
    title={IEEE Standard for Information technology-- Local and metropolitan area networks-- Specific requirements-- Part 3: CSMA/CD Access Method and Physical Layer Specifications Amendment 5: Media Access Control Parameters, Physical Layers, and Management Parameters for Energy-Efficient Ethernet},   year={2010},
    pages={1-302},
    doi={10.1109/IEEESTD.2010.5621025}
}

@article{reviriego2010burst,
  title={Burst transmission for energy-efficient ethernet},
  author={Reviriego, Pedro and Hernadez, Jose-Alberto and Larrabeiti, David and Maestro, Juan Antonio},
  journal={IEEE Internet Computing},
  volume={14},
  number={4},
  pages={50--57},
  year={2010},
  publisher={IEEE}
}

@article{e2019tcp,
  title={TCP proactive congestion control for east-west traffic: The marking threshold},
  author={Silva, Renan Fischer and Carpenter, Paul M},
  journal={Computer Networks},
  volume={151},
  pages={1--11},
  year={2019},
  publisher={Elsevier}
}

@inproceedings{silva2016controlling,
  title={Controlling network latency in mixed hadoop clusters: Do we need active queue management?},
  author={Silva, Renan Fischer and Carpenter, Paul M},
  booktitle={2016 IEEE 41st Conference on Local Computer Networks (LCN)},
  pages={415--423},
  year={2016},
  organization={IEEE}
}

@article{adams2012active,
  title={Active queue management: A survey},
  author={Adams, Richelle},
  journal={IEEE communications surveys \& tutorials},
  volume={15},
  number={3},
  pages={1425--1476},
  year={2012},
  publisher={IEEE}
}

@article{e2017energy,
  title={Energy efficient ethernet on mapreduce clusters: Packet coalescing to improve 10gbe links},
  author={Silva, Renan Fischer and Carpenter, Paul M},
  journal={IEEE/ACM Transactions on Networking},
  volume={25},
  number={5},
  pages={2731--2742},
  year={2017},
  publisher={IEEE}
}

@article{chung2002analysis,
  title={Analysis of RED-family Active Queue Management over a wide-range of TCP loads},
  author={Chung, Jae and Claypool, Mark},
  journal={Worcester Polytechnic Institute, Technical Report WPI-CS-TR-02-05},
  year={2002}
}

@article{Cisco2011TechReport,
  title={Big Data in the Enterprise: Network Design Considerations},
  author={Cisco, CISCO IoT Networking},
  journal={Cisco Systems},
  year={2011}
}

@article{floyd1993random,
  title={Random early detection gateways for congestion avoidance},
  author={Floyd, Sally and Jacobson, Van},
  journal={IEEE/ACM Transactions on networking},
  volume={1},
  number={4},
  pages={397--413},
  year={1993},
  publisher={IEEE}
}

@article{rosolen1999red,
  title={A RED discard strategy for ATM networks and its performance evaluation with TCP/IP traffic},
  author={Rosolen, Vincent and Bonaventure, Olivier and Leduc, Guy},
  journal={ACM SIGCOMM Computer Communication Review},
  volume={29},
  number={3},
  pages={23--43},
  year={1999},
  publisher={ACM New York, NY, USA}
}

@article{floyd2000addition,
  title={The Addition of Explicit Congestion Notification (ECN) to IP},
  author={Floyd, Sally and Ramakrishnan, KK},
  journal={Transport},
  year={2000}
}

@article{nichols2012controlling,
  title={Controlling queue delay},
  author={Nichols, Kathleen and Jacobson, Van},
  journal={Communications of the ACM},
  volume={55},
  number={7},
  pages={42--50},
  year={2012},
  publisher={ACM New York, NY, USA}
}

@article{glushkova2019mapreduce,
  title={Mapreduce performance model for Hadoop 2. x},
  author={Glushkova, Daria and Jovanovic, Petar and Abell{\'o}, Alberto},
  journal={Information Systems},
  volume={79},
  pages={32--43},
  year={2019},
  publisher={Elsevier}
}

@article{noll2011benchmarking,
  title={Benchmarking and stress testing an Hadoop cluster with TeraSort, TestDFSIO \& Co},
  author={Noll, M},
  journal={Online: http://www. michael-noll. com/blog/2011/04/09/benchmarking-and-stress-testing-an-hadoopcluster-with-terasort-testdfsio-nnbench-mrbench},
  year={2011}
}

@article{wette2014dct,
  title={DCT2Gen: A Versatile TCP Traffic Generator for Data Centers},
  author={Wette, Philip and Karl, Holger},
  journal={arXiv preprint arXiv:1409.2246},
  year={2014}
}

@article{liu2013hsim,
  title={HSim: a MapReduce simulator in enabling cloud computing},
  author={Liu, Yang and Li, Maozhen and Alham, Nasullah Khalid and Hammoud, Suhel},
  journal={Future Generation Computer Systems},
  volume={29},
  number={1},
  pages={300--308},
  year={2013},
  publisher={Elsevier}
}

@article{herreria2012gi,
  title={A GI/G/1 model for 10 Gb/s energy efficient Ethernet links},
  author={Herreria-Alonso, Sergio and Rodriguez-Perez, Miguel and Fernandez-Veiga, Manuel and Lopez-Garcia, Candido},
  journal={IEEE Transactions on Communications},
  volume={60},
  number={11},
  pages={3386--3395},
  year={2012},
  publisher={IEEE}
}

@article{nichols2018controlled,
  title={Controlled delay active queue management},
  author={Nichols, Kathleen and Jacobson, Van and McGregor, Andrew and Iyengar, Jana},
  journal={Tech. Rep.},
  year={2018}
}

@article{reviriego2011initial,
  title={An initial evaluation of energy efficient Ethernet},
  author={Reviriego, Pedro and Christensen, Ken and Rabanillo, Juan and Maestro, Juan Antonio},
  journal={IEEE Communications Letters},
  volume={15},
  number={5},
  pages={578--580},
  year={2011},
  publisher={IEEE}
}

@article{bechtolsheim2011big,
  title={Why Big Data Needs Big Buffer Switches. Arista White Paper},
  author={Bechtolsheim, A and Dale, L and Holbrook, H and Li, A},
  journal={Tech. Rep.},
  year={2011}
}

@article{ethernet2011ieee,
  title={IEEE 802.3 az Energy Efficient Ethernet: Build Greener Networks},
  author={Ethernet, Energy Efficient},
  journal={Tech. Rep.},
  year={2011}
}

@article{de2013performance,
  title={Performance analysis of energy efficient ethernet on video streaming servers},
  author={De La Oliva, Antonio and Hern{\'a}ndez, Tito R Vargas and Guerri, Juan Carlos and Hern{\'a}ndez, Jos{\'e} Alberto and Reviriego, Pedro},
  journal={Computer Networks},
  volume={57},
  number={3},
  pages={599--608},
  year={2013},
  publisher={Elsevier}
}

@article{6891095,
  author={IEEE},
  journal={IEEE Std 802.3bj-2014 (Amendment to IEEE Std 802.3-2012 as amended by IEEE Std 802.3bk-2013)},
  title={IEEE Standard for Ethernet Amendment 2: Physical Layer Specifications and Management Parameters for 100 Gb/s Operation Over Backplanes and Copper Cables}, 
  year={2014},
  volume={},
  number={},
  pages={1-368},
  doi={10.1109/IEEESTD.2014.6891095}}

@article{raizada2020worldwide,
  title={Worldwide energy consumption of hyperscale data centers: A Survey},
  author={Raizada, Aasheesh and Pal Singh, Kishan and Sajid, Mohammad},
  journal={International Research Journal on Advanced Science Hub},
  volume={2},
  pages={8--15},
  year={2020},
  publisher={RSP Science Hub}
}

@article{mckeown2008openflow,
  title={OpenFlow: enabling innovation in campus networks},
  author={McKeown, Nick and Anderson, Tom and Balakrishnan, Hari and Parulkar, Guru and Peterson, Larry and Rexford, Jennifer and Shenker, Scott and Turner, Jonathan},
  journal={ACM SIGCOMM computer communication review},
  volume={38},
  number={2},
  pages={69--74},
  year={2008},
  publisher={ACM New York, NY, USA}
}

@article{reviriego2009performance,
  title={Performance evaluation of energy efficient ethernet},
  author={Reviriego, Pedro and Hern{\'a}ndez, Jos{\'e} Alberto and Larrabeiti, David and Maestro, Juan Antonio},
  journal={IEEE Communications Letters},
  volume={13},
  number={9},
  pages={697--699},
  year={2009},
  publisher={IEEE}
}

@article{jiang2021modeling,
  title={Modeling and Analysis of Latency Distribution in the 40-100Gbps Dual-Mode Energy Efficient Ethernet},
  author={Jiang, Wanchun and Liao, Kaiqing and Yan, Yulong and Cheng, Wenxue and Zhang, Linquan and Wang, Jianxin},
  journal={IEEE Transactions on Green Communications and Networking},
  year={2021},
  publisher={IEEE}
}

@article{plackett1958studies,
  title={Studies in the history of probability and statistics: VII. The principle of the arithmetic mean},
  author={Plackett, Robin L},
  journal={Biometrika},
  volume={45},
  number={1-2},
  pages={130--135},
  year={1958},
  publisher={Oxford University Press}
}

@article{lochin2011managing,
  title={Managing Internet routers congested links with a Kohonen-RED queue},
  author={Lochin, Emmanuel and Talavera, Bruno},
  journal={Engineering Applications of Artificial Intelligence},
  volume={24},
  number={1},
  pages={77--86},
  year={2011},
  publisher={Elsevier}
}

@article{brenner1988simple,
  title={A simple formula to compute the implied standard deviation},
  author={Brenner, Menachem and Subrahmanyan, Marti G},
  journal={Financial Analysts Journal},
  volume={44},
  number={5},
  pages={80--83},
  year={1988},
  publisher={Taylor \& Francis}
}

@article{ismaileffectiveness,
  title={On the effectiveness of codel in data centers},
  author={Ismail, SN and Pirzada, HA and Qazi, IA},
  pages={3--21},
  year={2010},
  journal={Tech. Rep.}
}

@article{chen2012interactive,
  title={Interactive analytical processing in big data systems: A cross-industry study of mapreduce workloads},
  author={Chen, Yanpei and Alspaugh, Sara and Katz, Randy},
  journal={arXiv preprint arXiv:1208.4174},
  year={2012}
}

@article{herreri2012optimal,
  title={Optimal configuration of energy-efficient Ethernet},
  author={Herrer{\i}, Sergio and Rodr{\i}, Miguel and Fern{\'a}ndez-Veiga, Manuel and L{\'o}pez-Garc{\i}, C{\'a}ndido and others},
  journal={Computer Networks},
  volume={56},
  number={10},
  pages={2456--2467},
  year={2012},
  publisher={Elsevier}
}

% Dissertações e Teses -> Thesis.texcode

@phdthesis{silva2018eon,
  title={E-eon: energy-efficient and optimized networks for hadoop},
  author={Silva, Renan Fischer},
  year={2018},
  school={Universitat Polit{\`e}cnica de Catalunya (UPC)}
}

% Procedimentos e Relários -> Referências.texcode

@inproceedings{wette2015extending,
  title={Extending Hadoop's Yarn Scheduler Load Simulator with a highly realistic network \& traffic model},
  author={Wette, Philip and Schwabe, Arne and Splietker, Malte and Karl, Holger},
  booktitle={Proceedings of the 2015 1st IEEE Conference on Network Softwarization (NetSoft)},
  pages={1--2},
  year={2015},
  organization={IEEE}
}

@inproceedings{reviriego2011using,
  title={Using coordinated transmission with energy efficient ethernet},
  author={Reviriego, Pedro and Christensen, Ken and S{\'a}nchez-Maci{\'a}n, Alfonso and Maestro, Juan Antonio},
  booktitle={International Conference on Research in Networking},
  pages={160--171},
  year={2011},
  organization={Springer}
}

@inproceedings{georgakoudis2019evaluating,
  title={Evaluating the impact of energy efficient networks on HPC workloads},
  author={Georgakoudis, Giorgis and Jain, Nikhil and Ono, Takatsugu and Inoue, Koji and Miwa, Shinobu and Bhatele, Abhinav},
  booktitle={2019 IEEE 26th International Conference on High Performance Computing, Data, and Analytics (HiPC)},
  pages={301--310},
  year={2019},
  organization={IEEE}
}

@inproceedings{ghemawat2003google,
  title={The Google file system},
  author={Ghemawat, Sanjay and Gobioff, Howard and Leung, Shun-Tak},
  booktitle={Proceedings of the nineteenth ACM symposium on Operating systems principles},
  pages={29--43},
  year={2003}
}

@inproceedings{masur2017preliminary,
  title={Preliminary performance analysis of Hadoop 3.0. 0-alpha3},
  author={Masur, Rohit G and Mcintosh, Suzanne K},
  booktitle={2017 New York Scientific Data Summit (NYSDS)},
  pages={1--3},
  year={2017},
  organization={IEEE}
}

@inproceedings{alizadeh2010data,
  title={Data center tcp (dctcp)},
  author={Alizadeh, Mohammad and Greenberg, Albert and Maltz, David A and Padhye, Jitendra and Patel, Parveen and Prabhakar, Balaji and Sengupta, Sudipta and Sridharan, Murari},
  booktitle={Proceedings of the ACM SIGCOMM 2010 Conference},
  pages={63--74},
  year={2010}
}

@techreport{shehabi2016united,
  title={United states data center energy usage report},
  author={Shehabi, Arman and Smith, Sarah and Sartor, Dale and Brown, Richard and Herrlin, Magnus and Koomey, Jonathan and Masanet, Eric and Horner, Nathaniel and Azevedo, In{\^e}s and Lintner, William},
  year={2016},
  institution={Lawrence Berkeley National Lab.(LBNL), Berkeley, CA (United States)}
}

@inproceedings{abts2010energy,
  title={Energy proportional datacenter networks},
  author={Abts, Dennis and Marty, Michael R and Wells, Philip M and Klausler, Peter and Liu, Hong},
  booktitle={Proceedings of the 37th annual international symposium on Computer architecture},
  pages={338--347},
  year={2010}
}

@inproceedings{mahadevan2009energy,
  title={Energy aware network operations},
  author={Mahadevan, Priya and Sharma, Puneet and Banerjee, Sujata and Ranganathan, Parthasarathy},
  booktitle={IEEE INFOCOM Workshops 2009},
  pages={1--6},
  year={2009},
  organization={IEEE}
}

@inproceedings{e2015exploring,
  title={Exploring interconnect energy savings under East-West traffic pattern of MapReduce clusters},
  author={Silva, Renan Fischer and Carpenter, Paul M},
  booktitle={2015 IEEE 40th Conference on Local Computer Networks (LCN)},
  pages={10--18},
  year={2015},
  organization={IEEE}
}

@inproceedings{mostowfi2011saving,
  title={Saving energy in LAN switches: New methods of packet coalescing for Energy Efficient Ethernet},
  author={Mostowfi, Mehrgan and Christensen, Ken},
  booktitle={2011 International Green Computing Conference and Workshops},
  pages={1--8},
  year={2011},
  organization={IEEE}
}

@inproceedings{chung2003analysis,
  title={Analysis of active queue management},
  author={Chung, Jae and Claypool, Mark},
  booktitle={Second IEEE International Symposium on Network Computing and Applications, 2003. NCA 2003.},
  pages={359--366},
  year={2003},
  organization={IEEE}
}

@inproceedings{silva2017interconnect,
  title={Interconnect energy savings and lower latency networks in hadoop clusters: The missing link},
  author={Silva, Renan Fischer E and Carpenter, Paul M},
  booktitle={2017 IEEE 42nd Conference on Local Computer Networks (LCN)},
  pages={514--517},
  year={2017},
  organization={IEEE}
}

@inproceedings{kuhlewind2013state,
  title={On the state of ECN and TCP options on the Internet},
  author={K{\"u}hlewind, Mirja and Neuner, Sebastian and Trammell, Brian},
  booktitle={International Conference on Passive and Active Network Measurement},
  pages={135--144},
  year={2013},
  organization={Springer}
}

@inproceedings{chen2011case,
  title={The case for evaluating mapreduce performance using workload suites},
  author={Chen, Yanpei and Ganapathi, Archana and Griffith, Rean and Katz, Randy},
  booktitle={2011 IEEE 19th annual international symposium on modelling, analysis, and simulation of computer and telecommunication systems},
  pages={390--399},
  year={2011},
  organization={IEEE}
}

@inproceedings{jarvinen2014evaluating,
  title={Evaluating CoDel, PIE, and HRED AQM techniques with load transients},
  author={J{\"a}rvinen, Ilpo and Kojo, Markku},
  booktitle={39th Annual IEEE Conference on Local Computer Networks},
  pages={159--167},
  year={2014},
  organization={IEEE}
}

@incollection{gray2004distributed,
  title={Distributed computing economics},
  author={Gray, Jim},
  booktitle={Computer Systems},
  pages={93--101},
  year={2004},
  publisher={Springer}
}

@inproceedings{wette2014maxinet,
  title={Maxinet: Distributed emulation of software-defined networks},
  author={Wette, Philip and Dr{\"a}xler, Martin and Schwabe, Arne and Wallaschek, Felix and Zahraee, Mohammad Hassan and Karl, Holger},
  booktitle={2014 IFIP Networking Conference},
  pages={1--9},
  year={2014},
  organization={IEEE}
}

@inproceedings{wang2009using,
  title={Using realistic simulation for performance analysis of mapreduce setups},
  author={Wang, Guanying and Butt, Ali R and Pandey, Prashant and Gupta, Karan},
  booktitle={Proceedings of the 1st ACM workshop on Large-Scale system and application performance},
  pages={19--26},
  year={2009}
}

@inproceedings{sharma2015performance,
  title={Performance evaluation of fair and capacity scheduling in Hadoop YARN},
  author={Sharma, Garima and Ganpati, Anita},
  booktitle={2015 International Conference on Green Computing and Internet of Things (ICGCIoT)},
  pages={904--906},
  year={2015},
  organization={IEEE}
}

@inproceedings{shao2016energy,
  title={Energy-aware dynamic resource allocation on hadoop YARN cluster},
  author={Shao, Yanling and Li, Chunlin and Dong, Wenyong and Liu, Yunchang},
  booktitle={2016 IEEE 18th International Conference on High Performance Computing and Communications; IEEE 14th International Conference on Smart City; IEEE 2nd International Conference on Data Science and Systems (HPCC/SmartCity/DSS)},
  pages={364--371},
  year={2016},
  organization={IEEE}
}

% Livros -> Referências.texcode


@book{peck2015introduction,
  title={Introduction to statistics and data analysis},
  author={Peck, Roxy and Olsen, Chris and Devore, Jay L},
  year={2015},
  publisher={Cengage Learning}
}

@book{taurion2009cloud,
  title={Cloud computing-computa{\c{c}}{\~a}o em nuvem},
  author={Taurion, Cezar},
  year={2009},
  publisher={Brasport}
}

@book{white2009hadoop,
  title={Hadoop The Definitive Guide},
  author={White, Tom},
  year={2009},
  edition={1st},
  publisher={O'Reilly Media, Inc.}
}

@book{white2010hadoop,
  title={Hadoop The Definitive Guide},
  author={White, Tom},
  year={2010},
  edition={2nd},
  publisher={O'Reilly Media, Inc.}
}

@book{white2012hadoop,
  title={Hadoop The Definitive Guide},
  author={White, Tom},
  year={2012},
  edition={3rd},
  publisher={O'Reilly Media, Inc.}
}

@book{white2015hadoop,
  title={Hadoop The Definitive Guide},
  author={White, Tom},
  year={2015},
  edition={4th},
  publisher={O'Reilly Media, Inc.}
}

@book{testa2017optical,
  title={Optical switching in next generation data centers},
  author={Testa, Francesco and Pavesi, Lorenzo},
  year={2017},
  publisher={Springer}
}

% URLS -> Referências.texcode

@misc{cutting2005mapreduce,
  title={MapReduce in Nutch},
  author={Cutting, Doug},
  howpublished	= {\url{https://frutch.free.fr/docs/mapred.pdf}},
  year={2005},
  note	= {Acessado em 07/12/2020}
}

@misc{bufferbloat,
  title={Technical introduction to bufferbloat},
  author={Getty, Jim},
  howpublished	= {\url{https://www.bufferbloat.net/projects/bloat/wiki/}},
  year={2021},
  note	= {Acessado em 15/12/2021}
}

@misc{QFX5220Guide,
  title={QFX5220 Switch Hardware Guide},
  author={Networks, Juniper},
  howpublished	= {\url{https://www.juniper.net/documentation/us/en/hardware/qfx5220/qfx5220.pdf}},
  year={2021},
  note	= {Acessado em 24/04/2021}
}

@misc{hadoopreleases,
   title	= {Hadoop Releases},
   author={Hadoop, Apache},
   journal={The Apache Software Foundation},
   howpublished	= {\url{https://archive.apache.org/dist/hadoop/common/}},
   year		= {2006},
   note		= {Updated: November, 2020. Acessado em 25/11/2020.}
}

@misc{hadoop0.15.2release,
   title	= {Hadoop: Release 0.15.2 available},
   author={Hadoop, Apache},
   journal={The Apache Software Foundation},
   howpublished	= {\url{https://hadoop.apache.org/release/0.15.2.html}},
   year		= {2008},
   note		= {Acessado em 08/12/2020}
}

@misc{hadoop1.0.0release,
   title	= {Hadoop: Release 1.0.0 available},
   author={Hadoop, Apache},
   journal={The Apache Software Foundation},
   howpublished	= {\url{https://hadoop.apache.org/release/1.0.0.html}},
   year		= {2011},
   note		= {Acessado em 09/12/2020}
}

@misc{hadoop2.0.0-alpharelease,
   title	= {Hadoop: Release 2.0.0-alpha available},
   author={Hadoop, Apache},
   journal={The Apache Software Foundation},
   howpublished	= {\url{https://hadoop.apache.org/release/2.0.0-alpha.html}},
   year		= {2012},
   note		= {Acessado em 09/12/2020}
}

@misc{hadoop3.0.0release,
   title	= {Hadoop: Release 3.0.0 generally available},
   author={Hadoop, Apache},
   journal={The Apache Software Foundation},
   howpublished	= {\url{https://hadoop.apache.org/release/3.0.0.html}},
   year		= {2017},
   note		= {Acessado em 09/12/2020}
}

@misc{apachesponsorshiprogram,
   title	= {THE APACHE SOFTWARE FOUNDATION SPONSORSHIP PROGRAM},
   author={Hadoop, Apache},
   journal={The Apache Software Foundation},
   howpublished	= {\url{https://www.apache.org/foundation/sponsorship.html}},
   year		= {2020},
   note		= {Acessado em 10/12/2020}
}

@misc{apachereleasesarchive,
   title	= {Apache Hadoop: Releases Archive},
   author={Hadoop, Apache},
   journal={The Apache Software Foundation},
   howpublished	= {\url{https://hadoop.apache.org/release.html}},
   year		= {2020},
   note		= {Acessado em 10/12/2020}
}

@misc{cisco2020cisco,
  title={Cisco annual internet report (2018--2023) white paper},
  author={Cisco, CISCO IoT Networking},
  journal={Cisco Systems},
  year={2020}
}

@misc{HDFSHighAvailability,
  title={HDFS High Availability},
  author={Hadoop, Apache},
  journal={The Apache Software Foundation},
  howpublished	= {\url{https://hadoop.apache.org/docs/stable/hadoop-project-dist/hadoop-hdfs/HDFSHighAvailabilityWithNFS.html}},
  year={2021},
  note	= {Acessado em 24/07/2021}
}

@misc{ApacheSLS,
   title	= {YARN Scheduler Load Simulator (SLS)},
   author={Hadoop, Apache},
   journal={The Apache Software Foundation},
   howpublished	= {\url{https://hadoop.apache.org/docs/current/hadoop-sls/SchedulerLoadSimulator.html}},
   year		= {2020},
   note		= {Acessado em 17/08/2020}
}

@misc{EEEOverview,
   title	= {An Overview of Energy-Efficient Ethernet},
   author	= {Bennett, Michael J. and Diab, Wael William},
   howpublished	= {\url{https://grouper.ieee.org/groups/802/3/RTPGE/public/may12/bennett_diab_01_0512.pdf}},
   year		= {2012},
   note		= {Acessado em 15/12/2020}
}

@misc{makineni2020packet,
  title={Packet coalescing},
  author={Makineni, Srihari and Iyer, Ravi and Minturn, Dave and Sen, Sujoy and Newell, Donald and Zhao, Li},
  year={2020},
  month=may # "~12",
  publisher={Google Patents},
  note={US Patent 10,652,147}
}

@misc{malowidzki2003simulation,
  title={Simulation-based study of ecn performance in red networks},
  author={Ma{\l}owidzki, Marek},
  year={2003},
  publisher={SCS SPECTS}
}

@misc{ApacheDocumentation,
   title	= {The Apache™ Hadoop® project develops open-source software for reliable, scalable, distributed computing.},
   author={Hadoop, Apache},
   journal={The Apache Software Foundation},
   howpublished	= {\url{https://hadoop.apache.org/}},
   year		= {2022},
   note		= {Acessado em 01/02/2022}
}

@misc{makineni2009packet,
  title={Packet coalescing},
  author={Makineni, Srihari and Iyer, Ravi and Minturn, Dave and Sen, Sujoy and Newell, Donald and Zhao, Li},
  year={2009},
  month=nov # "~17",
  publisher={Google Patents},
  note={US Patent 7,620,071}
}

@misc{ApacheMRTutorial,
   title	= {MapReduce Tutorial},
   author={Hadoop, Apache},
   journal={The Apache Software Foundation},
   howpublished	= {\url{https://hadoop.apache.org/docs/current/hadoop-mapreduce-client/hadoop-mapreduce-client-core/MapReduceTutorial.html}},
   year		= {2020},
   note		= {Acessado em 01/01/2021}
}

@misc{Base-T,
   title	= {A Scalable BASE-T Approach},
   author	= {Dove, Dan},
   howpublished	= {\url{https://www.ieee802.org/3/NGBASET/public/sep12/dove_01b_0912.pdf}},
   year		= {2012},
   note		= {Acessado em 01/01/2021}
}

@misc{vahdat2013scalable,
  title={Scalable commodity data center network architecture},
  author={Vahdat, Amin and Al-Fares, Mohammad and Loukissas, Alexander},
  year={2013},
  month=jul # "~9",
  publisher={Google Patents},
  note={US Patent 8,483,096}
}

@misc{IntroductionLeafSpine,
   title	= {Introduction to Spine-Leaf Networking Designs},
   author	= {Nelson, Willian},
   howpublished	= {\url{https://lenovopress.com/lp0573.pdf}},
   year		= {2017},
   note		= {Acessado em 01/01/2021}
}

@misc{DellEEE,
   title	= {Solução de problemas com eficiência energética Ethernet (EEE) ou Green Ethernet},
   author	= {Dell, Technologies},
   howpublished	= {\url{https://www.dell.com/support/kbdoc/pt-br/000134483/solu%C3%A7%C3%A3o-de-problemas-com-efici%C3%AAncia-energ%C3%A9tica-ethernet-eee-ou-green-ethernet}},
   year		= {2020},
   note		= {Acessado em 21/02/2021}
}

@misc{FatTreeDesign,
   title	= {Fat-Tree Design},
   author	= {Solnushkin, Konstantin},
   howpublished	= {\url{https://clusterdesign.org/fat-trees/}},
   year		= {2013},
   note		= {Acessado em 01/01/2021}
}

@misc{Clusterplaningguide,
  title={Cluster planning guide.},
  author={Hortonworks},
  howpublished	= {\url{http://docs.hortonworks.com/HDPDocuments/HDP2/HDP-2.6.4/bk_cluster-planning/content/hardware-for-slave.1.html}},
  year={2021},
  note	= {Acessado em 22/07/2021}
}

@misc{BigDataGuide,
   title	= {Extreme Networks: Big Data - A Solutions Guide},
   author	= {Extreme Networks},
   howpublished	= {\url{https://docplayer.net/1630876-Extreme-networks-big-data-a-solutions-guide.html}},
   year		= {2014},
   note		= {Acessado em 01/01/2021}
}